% -*- coding: utf-8 -*-

@book{Schlosser14,
  title     = {Wissenschaftliche Arbeiten schreiben mit \LaTeX{}},
  subtitle  = {Leitfaden f√ºr Einsteiger},
  author    = {Joachim Schlosser},
  edition   = {5},
  year      = {2014},
  language  = {german},
  publisher = {mitp},
  keywords  = {leitfaden, einsteiger},
}
